<record><leader>00000cas a2200000 a 4500</leader><controlfield tag="001">10846493</controlfield><controlfield tag="008">840615d18741880vtuwr ne      0    0eng c</controlfield><datafield ind1=" " ind2=" " tag="010"><subfield code="a">sn 84023247 </subfield></datafield><datafield ind1=" " ind2=" " tag="040"><subfield code="a">AQM</subfield><subfield code="b">eng</subfield><subfield code="c">AQM</subfield><subfield code="d">NPX</subfield><subfield code="d">MGN</subfield><subfield code="d">NVN</subfield><subfield code="d">OCLCQ</subfield><subfield code="d">OCLCF</subfield><subfield code="d">OCLCO</subfield></datafield><datafield ind1="1" ind2=" " tag="029"><subfield code="a">AU@</subfield><subfield code="b">000020335299</subfield></datafield><datafield ind1=" " ind2=" " tag="042"><subfield code="a">pcc</subfield></datafield><datafield ind1=" " ind2=" " tag="043"><subfield code="a">n-us-vt</subfield></datafield><datafield ind1="0" ind2="0" tag="245"><subfield code="a">Merchant's home visitor.</subfield></datafield><datafield ind1="1" ind2="3" tag="246"><subfield code="a">Home visitor</subfield></datafield><datafield ind1=" " ind2=" " tag="260"><subfield code="a">St. Albans, Vt. :</subfield><subfield code="b">A.N. Merchant</subfield></datafield><datafield ind1=" " ind2=" " tag="300"><subfield code="a">v.</subfield></datafield><datafield ind1=" " ind2=" " tag="310"><subfield code="a">Weekly</subfield></datafield><datafield ind1="1" ind2=" " tag="362"><subfield code="a">Began in 1874; ceased in 1880?</subfield></datafield><datafield ind1=" " ind2=" " tag="500"><subfield code="a">Editor: A.N. Merchant.</subfield></datafield><datafield ind1=" " ind2=" " tag="500"><subfield code="a">Published simultaneously at Burlington, Vt., &lt;1874-1876&gt;.</subfield></datafield><datafield ind1=" " ind2=" " tag="500"><subfield code="a">Democratic.</subfield></datafield><datafield ind1=" " ind2=" " tag="588"><subfield code="a">Description based on: Vol. 1, no. 27 (Aug. 22, 1874).</subfield></datafield><datafield ind1=" " ind2="0" tag="651"><subfield code="a">Saint Albans (Vt.)</subfield><subfield code="v">Newspapers.</subfield></datafield><datafield ind1=" " ind2="0" tag="651"><subfield code="a">Vermont</subfield><subfield code="v">Newspapers.</subfield></datafield><datafield ind1=" " ind2="7" tag="655"><subfield code="a">Newspapers.</subfield><subfield code="2">fast</subfield><subfield code="0">(OCoLC)fst01423814</subfield></datafield><datafield ind1=" " ind2="7" tag="651"><subfield code="a">Vermont.</subfield><subfield code="2">fast</subfield><subfield code="0">(OCoLC)fst01204305</subfield></datafield><datafield ind1=" " ind2="7" tag="651"><subfield code="a">Vermont</subfield><subfield code="z">Saint Albans.</subfield><subfield code="2">fast</subfield><subfield code="0">(OCoLC)fst01222426</subfield></datafield><datafield ind1="1" ind2=" " tag="700"><subfield code="a">Merchant, Albion N.</subfield></datafield><datafield ind1=" " ind2=" " tag="752"><subfield code="a">United States</subfield><subfield code="b">Vermont</subfield><subfield code="c">Franklin</subfield><subfield code="d">Saint Albans.</subfield></datafield><datafield ind1=" " ind2=" " tag="752"><subfield code="a">United States</subfield><subfield code="b">Vermont</subfield><subfield code="c">Chittendon</subfield><subfield code="d">Burlington.</subfield></datafield><datafield ind1="0" ind2=" " tag="775"><subfield code="t">Burlington democrat and weekly sentinel</subfield><subfield code="w">(DLC)sn 84023022</subfield><subfield code="w">(OCoLC)10689220</subfield></datafield><datafield ind1="0" ind2=" " tag="775"><subfield code="t">Democrat and weekly sentinel</subfield><subfield code="w">(DLC)sn 84023289</subfield><subfield code="w">(OCoLC)10811855</subfield></datafield><datafield ind1="0" ind2=" " tag="775"><subfield code="t">Rutland Sunday sentinel</subfield><subfield code="w">(DLC)sn 99067901</subfield><subfield code="w">(OCoLC)41927545</subfield></datafield><datafield ind1="0" ind2=" " tag="775"><subfield code="t">Grand Isle County recorder</subfield><subfield code="w">(DLC)sn 84023224</subfield><subfield code="w">(OCoLC)10815976</subfield></datafield></record>